@string{ieee-oakland    = "IEEE Symposium on Security and Privacy"}
@string{acm-ccs         = "ACM Conference on Computer and Communications Security (CCS)"}
@string{usenix-security = "USENIX Security Symposium"}
@string{isoc-ndss       = "Symposium on Network and Distributed System Security (NDSS)"}
@string{raid            = "Symposium on Recent Advances in Intrusion Detection (RAID)"}
@string{esorics         = "European Symposium on Research in Computer Security (ESORICS)"}
@string{acsac           = "Annual Computer Security Applications Conference (ACSAC)"}
@string{usenix-nsdi     = "USENIX Symposium on Networked Systems Design and Implementation (NSDI)"}
@string{usenix-hotbots  = "USENIX Workshop on Hot Topics in Understanding Botnet"}
@string{usenix-leet     = "USENIX Workshop on Large-Scale Exploits and Emergent Threats (LEET)"}
@string{usenix-woot     = "USENIX Workshop on Offensive Technologies (WOOT)"}
@string{usenix-sruti    = "USENIX Workshop on Steps to Reducing Unwanted Traffic on the Internet (SRUTI)"}
@string{usenix-atc      = "USENIX Annual Technical Conference"}
@string{acm-popl        = "ACM Symposium on Principles of Programming Languages (POPL)"}
@string{ieee-infocom-mc    = "IEEE Conference on Computer Communications (INFOCOM)"}
@string{ieee-dcs        = "IEEE Conference on Distributed Computing Systems"}
@string{acm-imc         = "ACM SIGCOMM Conference on Internet Measurement"}
@string{dimva           = "Detection of Intrusions and Malware, and Vulnerability Assessment (DIMVA)"}

@book{smith2003digital,
  title={{D}igital signal processing: a practical guide for engineers and scientists},
  author={Smith, Steven W},
  year={2003},
  publisher={Newnes}
}

@book{lau2012towards,
	title={Towards a User-Centric Context Aware System: Empowering Users Through Activity Recognition Using a Smartphone As an Unobtrusive Device},
	author={Lau, S.L.},
	isbn={9783862192458},
	url={http://books.google.de/books?id=mmfNbONYIEoC},
	year={2012},
	publisher={Kassel University Press GmbH}
}

@book{sanei2013eeg,
  title={{EEG} {S}ignal {P}rocessing},
  author={Sanei, S. and Chambers, J.A.},
  isbn={9781118691236},
  url={http://books.google.de/books?id=f44hLefOz6UC},
  year={2013},
  publisher={Wiley}
}

@book{gelfand2011essentials,
  title={{E}ssentials of {A}udiology},
  author={Gelfand, S.A.},
  isbn={9781604061550},
  url={http://books.google.de/books?id=SGdR8uCuRHUC},
  year={2011},
  publisher={Thieme}
}

@book{bader2013nonlinearities,
  title={{N}onlinearities and {S}ynchronization in {M}usical {A}coustics and {M}usic {P}sychology},
  author={Bader, R.},
  isbn={9783642360985},
  lccn={2012956290},
  series={Current Research in Systematic Musicology},
  url={http://books.google.de/books?id=xQhHAAAAQBAJ},
  year={2013},
  publisher={Springer}
}

@book{klapuri2007signal,
  title={{S}ignal {P}rocessing {M}ethods for {M}usic {T}ranscription},
  author={Klapuri, A. and Davy, M.},
  isbn={9780387328454},
  lccn={2006920280},
  url={http://books.google.de/books?id=AF30yR41GIAC},
  year={2007},
  publisher={Springer}
}

@book{zelkowitz2010advances,
  title={{A}dvances in {C}omputers: {I}mproving the {W}eb},
  author={Zelkowitz, M.},
  isbn={9780123810205},
  series={Advances in computers},
  url={http://books.google.de/books?id=fgFfrjPRSk8C},
  year={2010},
  publisher={Elsevier Science}
}

@book{eisenberg2008identifikation,
  title={{I}dentifikation und {K}lassifikation von {M}usikinstrumentenkl{\"a}ngen in monophoner und polyphoner {M}usik},
  author={Eisenberg, G.},
  isbn={9783867278256},
  url={http://books.google.de/books?id=ocBPMCdu7zwC},
  year={2008},
  publisher={Cuvillier}
}

@book{rokach2007data,
	title={{D}ata {M}ining with {D}ecision {T}rees: {T}heory and {A}pplications},
	author={Rokach, L.},
	isbn={9789812771728},
	lccn={2008297819},
	series={Series in machine perception and artificial intelligence},
	url={http://books.google.de/books?id=GlKIIR78OxkC},
	year={2007},
	publisher={World Scientific Publishing Company, Incorporated}
}

@book{ding2008treating,
	title={{T}reating {M}issing {D}ata in {C}lassification {T}rees},
	author={Ding, Y. and New York University, Graduate School of Business Administration},
	isbn={9780549947981},
	url={http://books.google.de/books?id=XP3IgeZF2X4C},
	year={2008},
	publisher={New York University, Graduate School of Business Administration}
}

@book{blanc2006advanced,
	title={{A}dvanced {C}oncepts for {I}ntelligent {V}ision {S}ystems: 8th {I}nternational {C}onference, {A}civs 2006, {A}ntwerp, {B}elgium, {S}eptember 18-21, 2006: {P}roceedings},
	author={Blanc-Talon, J.},
	isbn={9783540446309},
	lccn={2006932485},
	series={LNCS sublibrary: Image processing, computer vision, pattern recognition, and graphics},
	url={http://books.google.de/books?id=fnlTZe3AOUkC},
	year={2006},
	publisher={Springer}
}

@book{guillet2010advances,
	title={{A}dvances in {K}nowledge {D}iscovery and {M}anagement},
	author={Guillet, F. and Ritschard, G. and Zighed, D.A. and Briand, H.},
	number={Bd. 1},
	isbn={9783642005794},
	series={Studies in Computational Intelligence},
	url={http://books.google.de/books?id=WQKzsUbWLugC},
	year={2010},
	publisher={Springer}
}

@book{hastie2009elements,
	title={{T}he {E}lements of {S}tatistical {L}earning: {D}ata {M}ining, {I}nference, and {P}rediction, Second Edition},
	author={Hastie, T. and Tibshirani, R. and Friedman, J.},
	isbn={9780387848587},
	lccn={2008941148},
	series={Springer Series in Statistics},
	url={http://books.google.de/books?id=tVIjmNS3Ob8C},
	year={2009},
	publisher={Springer}
}

@book{kuhn2013applied,
	title={{A}pplied {P}redictive {M}odeling},
	author={Kuhn, M. and Johnson, K.},
	isbn={9781461468493},
	series={SpringerLink : B{\"u}cher},
	url={http://books.google.de/books?id=xYRDAAAAQBAJ},
	year={2013},
	publisher={Springer}
}

@book{wu2012advances,
	title={{A}dvances in {K}-means {C}lustering: {A} {D}ata {M}ining {T}hinking},
	author={Wu, J.},
	isbn={9783642298073},
	lccn={2012939113},
	series={Springer Theses},
	url={http://books.google.de/books?id=pI2\_F8SqWcQC},
	year={2012},
	publisher={Springer}
}

@book{eidenberger2012handbook,
	title={{H}andbook of {M}ultimedia {I}nformation {R}etrieval: {T}he {C}ommon {M}ethods of {A}udio {R}etrieval, {B}iosignal {P}rocessing, {C}ontent-{B}ased {I}mage {R}etrieval, {F}ace {R}ecognition, {M}usic {C}lassification, {S}peech {R}ecognition, {T}ext {R}etrieval and {V}ideo {S}urveillance},
	author={Eidenberger, H.},
	isbn={9783848222834},
	url={http://books.google.de/books?id=mt0a2KsjsHwC},
	year={2012},
	publisher={Books on Demand}
}

@book{tur2011spoken,
	title={{S}poken {L}anguage {U}nderstanding: {S}ystems for {E}xtracting {S}emantic {I}nformation from {S}peech},
	author={Tur, G. and De Mori, R.},
	isbn={9781119993940},
	lccn={2010051228},
	url={http://books.google.de/books?id=RDLyT2FythgC},
	year={2011},
	publisher={Wiley}
}

@book{mckinney2012python,
	title={Python for Data Analysis: Data Wrangling with Pandas, NumPy, and IPython},
	author={McKinney, W.},
	isbn={9781449323615},
	url={http://books.google.de/books?id=v3n4\_AK8vu0C},
	year={2012},
	publisher={O'Reilly Media}
}

@book{oppenheim2013discrete,
	title={Discrete-Time Signal Processing: Pearson New International Edition},
	author={Oppenheim, A.V. and Schafer, R.W.},
	isbn={9781292025728},
	url={http://books.google.de/books?id=LeQpnwEACAAJ},
	year={2013},
	publisher={Pearson Education, Limited}
}

@book{kargupta2008next,
	title={Next Generation of Data Mining},
	author={Kargupta, H. and Han, J. and Yu, P.S. and Motwani, R. and Kumar, V.},
	isbn={9781420085877},
	series={Chapman \& Hall/CRC Data Mining and Knowledge Discovery Series},
	url={http://books.google.de/books?id=YTlVP6OnfrcC},
	year={2008},
	publisher={Taylor \& Francis}
}

@book{li2009encyclopedia,
	title={Encyclopedia of Biometrics: I - Z.},
	author={Li, S.Z. and Jain, A.K.},
	number={Bd. 1},
	isbn={9780387730028},
	lccn={2009929415},
	series={Encyclopedia of Biometrics},
	url={http://books.google.de/books?id=0bQbOYVULQcC},
	year={2009},
	publisher={Springer}
}

@book{guttag2013introduction,
	title={Introduction to Computation and Programming Using Python},
	author={Guttag, J.},
	isbn={9780262525008},
	lccn={2012953229},
	url={http://books.google.de/books?id=pVP8AQAAQBAJ},
	year={2013},
	publisher={MIT Press}
}

@book{mirkin2012clustering,
	title={Clustering: A Data Recovery Approach, Second Edition},
	author={Mirkin, B.},
	isbn={9781439838419},
	lccn={2012028180},
	series={Chapman \& Hall/CRC Computer Science \& Data Analysis},
	url={http://books.google.de/books?id=34-q8geA3yEC},
	year={2012},
	publisher={Taylor \& Francis}
}

@book{bari2014predictive,
	title={Predictive Analytics For Dummies},
	author={Bari, A. and Chaouchi, M. and Jung, T.},
	isbn={9781118729410},
	series={--For dummies},
	url={http://books.google.de/books?id=IjMKAwAAQBAJ},
	year={2014},
	publisher={Wiley}
}

@phdthesis{park2000salient,
	title={{S}alient feature extraction of musical instrument signals},
	author={Park, Tae Hong},
	year={2000},
	school={DARTMOUTH COLLEGE Hanover, New Hampshire}
}

@inproceedings{dey2014accelprint,
	title={{A}ccel{P}rint: {I}mperfections of {A}ccelerometers {M}ake {S}martphones {T}rackable},
	author={Dey, Sanorita and Roy, Nirupam and Xu, Wenyuan and Choudhury, Romit Roy and Nelakuditi, Srihari},
	booktitle={Proceedings of the Network and Distributed System Security Symposium (NDSS)},
	year={2014}
}

@inproceedings{eckersley2010unique,
	title={How unique is your web browser?},
	author={Eckersley, Peter},
	booktitle={Privacy Enhancing Technologies},
	pages={1--18},
	year={2010},
	organization={Springer}
}

@inproceedings{sensmark2,
  	author={Gabel, Andreas and Lorenz, Lennart},
  	title={{E}mpirische {E}valuierung der {G}\"{u}te von {S}martphonesensoren},
  	year={2014}
}

@INPROCEEDINGS{Guyon97ascaling,
	author = {Isabelle Guyon},
	title = {A Scaling Law for the Validation-Set Training-Set Size Ratio},
	booktitle = {AT \& T Bell Laboratories},
	year = {1997}
} 

@inproceedings{mckinney2010data,
	title={{D}ata structures for statistical computing in {P}ython},
	author={McKinney, W.},
	booktitle={Proc. 9th Python Sci. Conf},
	pages={51--56},
	year={2010}
}

@inproceedings{bullock2007libxtract,
	title={{L}ibxtract: {A} lightweight library for audio feature extraction},
	author={{B}ullock, {J}amie and {C}onservatoire, {UCEB}},
	booktitle={Proceedings of the International Computer Music Conference},
	volume={43},
	year={2007}
}

@inproceedings{kwon2011validation,
	title={Validation of heart rate extraction through an iPhone accelerometer},
	author={Kwon, Sungjun and Lee, Jeongsu and Chung, Gih Sung and Park, Kwang Suk},
	booktitle={Engineering in Medicine and Biology Society, EMBC, 2011 Annual International Conference of the IEEE},
	pages={5260--5263},
	year={2011},
	organization={IEEE}
}

@inproceedings{andrejavsic2008mems,
	title={Mems accelerometers},
	author={Andreja{\v{s}}ic, Matej}
}

@inproceedings{banerjee2005model,
	title={Model-based overlapping clustering},
	author={Banerjee, Arindam and Krumpelman, Chase and Ghosh, Joydeep and Basu, Sugato and Mooney, Raymond J},
	booktitle={Proceedings of the eleventh ACM SIGKDD international conference on Knowledge discovery in data mining},
	pages={532--537},
	year={2005},
	organization={ACM}
}


@article{dargie2010analysis,
  title={{A}nalysis of {E}rror-{A}gnostic {T}ime-and {F}requency-{D}omain {F}eatures {E}xtracted {F}rom {M}easurements of 3-{D} {A}ccelerometer {S}ensors},
  author={Dargie, Waltenegus and Denko, Mieso K},
  journal={Systems Journal, IEEE},
  volume={4},
  number={1},
  pages={26--33},
  year={2010},
  publisher={IEEE}
}

@article{scikit-learn,
	title={{S}cikit-learn: {M}achine {L}earning in {P}ython},
	author={Pedregosa, F. and Varoquaux, G. and Gramfort, A. and Michel, V.
	and Thirion, B. and Grisel, O. and Blondel, M. and Prettenhofer, P.
	and Weiss, R. and Dubourg, V. and Vanderplas, J. and Passos, A. and
	Cournapeau, D. and Brucher, M. and Perrot, M. and Duchesnay, E.},
	journal={Journal of Machine Learning Research},
	volume={12},
	pages={2825--2830},
	year={2011}
}

@article{gabelandroid,
	author={{G}abel,{A}ndreas},
	title={{A}ndroid {A}pplikation zur {B}estimmung der {G}enauigkeit von {S}martphone {S}ensoren},
	year={2012}
}

@article{bojinovmobile,
  title={{M}obile {D}evice {I}dentification via {S}ensor {F}ingerprinting},
  author={Bojinov, Hristo and Boneh, Dan and Michalevsky, Yan and Nakibly, Gabi}
}

@article{amari1997asymptotic,
	title={{A}symptotic statistical theory of overtraining and cross-validation},
	author={Amari, S-I and Murata, Noboru and Muller, K-R and Finke, Michael and Yang, Howard Hua},
	journal={Neural Networks, IEEE Transactions on},
	volume={8},
	number={5},
	pages={985--996},
	year={1997},
	publisher={IEEE}
}

@article{hunter2007matplotlib,
	title={{M}atplotlib: {A} 2{D} graphics environment},
	author={{H}unter, {J}ohn {D}},
	journal={Computing in Science \& Engineering},
	volume={9},
	number={3},
	pages={0090--95},
	year={2007},
	publisher={IEEE Computer Society}
}

@article{derpanis2005mean,
	title={{M}ean shift clustering},
	author={Derpanis, Konstantinos G},
	year={2005}
}

@article{van2011numpy,
	title={{T}he {N}um{P}y array: a structure for efficient numerical computation},
	author={{V}an {D}er {W}alt, {S}tefan and {C}olbert, {S} {C}hris and {V}aroquaux, {G}ael},
	journal={{C}omputing in {S}cience \& {E}ngineering},
	volume={13},
	number={2},
	pages={22--30},
	year={2011},
	publisher={AIP Publishing}
}

@article{he2013human,
	title={Human Activity Recognition on Smartphones Using Various Classifiers},
	author={He, Haotian},
	year={2013}
}

@article{mcadams1999perspectives,
	title={{P}erspectives on the contribution of timbre to musical structure},
	author={Mcadams, Stephen},
	journal={Computer Music Journal},
	volume={23},
	number={3},
	pages={85--102},
	year={1999},
	publisher={MIT Press}
}

@article{prettenhofer2014gradient,
	title={Gradient Boosted Regression Trees in Scikit-Learn},
	author={Prettenhofer, Peter and Louppe, Gilles},
	year={2014}
}

@article{bauer1999empirical,
	title={An empirical comparison of voting classification algorithms: Bagging, boosting, and variants},
	author={Bauer, Eric and Kohavi, Ron},
	journal={Machine learning},
	volume={36},
	number={1-2},
	pages={105--139},
	year={1999},
	publisher={Springer}
}

@article{kaur2013comparison,
	title={Comparison Between K-Means and Hierarchical Algorithm Using Query Redirection},
	author={Kaur, Manpreet and Kaur, Usvir},
	journal={International Journal of Advanced Research in Computer Science and Software Engineering},
	volume={3},
	number={7},
	year={2013}
}

@misc{accelerometer,
  	author={Schirmer,Maximilian and H\"{o}pfner,Hagen},
  	title={{S}martphone {H}ardware {S}ensors},
  	note={\url{https://www.uni-weimar.de/medien/wiki/images/Zeitmaschinen-smartphonesensors.pdf, }as of \today},
  	year={2012}
}

@misc{CookieLaw,
    title={{T}he {C}ookie {L}aw},
    author={Governor Technology Ltd}, 
    note={\url{http://www.cookielaw.org/the-cookie-law, }as of \today},
    year={2013}
}

@misc{apple13accelerometer,
  title={i{O}{S} {D}eveloper {L}ibrary {M}otion {E}vents},
  author={Apple Inc.},
  note={\url{https://developer.apple.com/Library/ios/documentation/EventHandling/Conceptual/EventHandlingiPhoneOS/EventHandlingiPhoneOS.pdf, }as of \today},
  year={2013}
}

@misc{sensormonitor11ko,
  title={{S}ensor {M}onitor},
  author={Ko, Young-woo},
  note={\url{http://app.fuzzface.net/sensor-monitor, }as of \today},
  year={2011}
}

@misc{sensorswin8sinofsky,
  title={{S}upporting sensors in Windows 8},
  author={Steven Sinofsky},
  note={\url{http://blogs.msdn.com/b/b8/archive/2012/01/24/supporting-sensors-in-windows-8.aspx, }as of \today},
  year={2012}
}

@misc{scipy,
  author = {Eric Jones and Travis Oliphant and Pearu Peterson and others},
  title = {{SciPy}: Open source scientific tools for {Python}},
  year =  {2001--},
  note={\url{http://scipy.org, }as of \today}
}

@misc{baggingboosting,
   title = {{U}sing multiple models: {B}agging, {B}oosting, {E}nsembles, {F}orests},
   author={Siddhartha Bhattacharyya},
   note={\url{https://www.uic.edu/classes/idsc/ids572cna/Bagging Boosting Ensembles Forests.pdf, }as of \today},
   year={2005}
}

@misc{hieaclustering,
	title={{IAML}: {H}ierarchical {C}lustering},
	author={Victor Lavrenko	and Charles Sutton},
	note={\url{http://www.inf.ed.ac.uk/teaching/courses/iaml/2011/slides/cluster.pdf, }as of \today},
	year={2011}
}

@misc{meanshift2014scikit,
	title={{C}lustering documentation of scikit-learn},
	author={Scikit-learn developers},
	note={\url{http://scikit-learn.org/stable/modules/clustering.html}, as of \today},
	year={2014}
}

@misc{fazli2012dataanalysis,
	title={{C}oursera Data Analysis, The Python Version},
	author={Eriza Fazli},
	note={\url{http://nbviewer.ipython.org/github/herrfz/dataanalysis/blob/master/week4/clustering_example.ipynb, }as of \today},
	year={2012}
}

@misc{ihs2014bosch,
	title={{B}osch is {T}op {MEMS} Maker in 2013},
	author={IHS},
	note={\url{http://press.ihs.com/press-release/design-supply-chain/bosch-top-mems-maker-2013-top-20-combined-revenue-reaches-7-billio, } as of \today},
	year={2014}
}

@misc{janssen2011supercookie,
	title={Super Cookie},
	author={Cory Janssen},
	note={\url{www.techopedia.com/definition/27310/super-cookieCory, } as of \today},
	year={2011}
}

@misc{matteucci2000hierarchical,
	title={Hierarchical clustering algorithms},
	author={Matteucci, Matteo},
	note={\url{http://home.deib.polimi.it/matteucc/Clustering/tutorial_html/hierarchical.html, } as of \today},
	year={2000}
}


