% example for how to do URLs
@misc{sensorswin8sinofsky,
  title={{S}upporting sensors in Windows 8},
  author={Steven Sinofsky},
  note={\url{http://blogs.msdn.com/b/b8/archive/2012/01/24/supporting-sensors-in-windows-8.aspx, }as of \today},
  year={2012}
}

@INPROCEEDINGS{vanwyngaard2012,
  author={C. J. {Van Wyngaard} and J. H. C. {Pretorius} and L. {Pretorius}},
  booktitle={2012 IEEE International Conference on Industrial Engineering and Engineering Management},
  title={Theory of the triple constraint â€” A conceptual review},
  year={2012},
  volume={},
  number={},
  pages={1991-1997},
  doi={10.1109/IEEM.2012.6838095}
}
