@misc{instack,
	booktitle = {2020 Developer Survey},
	key = {insights stackoverflow},
	month = feb,
	note = {https://insights.stackoverflow.com/survey/2020\#most-popular-technologies},
	publisher = {Stack Overflow},
	title = {Most Popular Technologies},
	year = {2020}
}

@misc{octgit,
	author = {Inc., Github},
	booktitle = {The 2020 State of the Octoverse},
	key = {octoverse github},
	note = {https://web.archive.org/web/20210120092042/https://octoverse.github.com/},
	publisher = {Github Inc.},
	title = {Top languages over the years}
}

@misc{wikipython,
	editor = {Foundation, Wikimedia},
	publisher = {wikipedia.org},
	title = {Python (programming language)}
}

@misc{pythonsuccess,
	editor = {Foundation, Python Software},
	note = {https://www.python.org/about/success/},
	publisher = {Python Software Foundation},
	title = {Python Success Stories}
}

@misc{pythonpackages,
	author = {community, Python},
	note = {https://pypi.org/},
	publisher = {Python Software Foundation}
}

@book{rijndael,
	author = {Daemen, Joan and Rijmen, Vincent},
	edition = {1},
	isbn = {978-3-662-04722-4},
	issn = {1619-7100},
	publisher = {Springer-Verlag Berlin Heidelberg},
	series = {Information Security and Cryptography},
	title = {The Design of Rijndael},
	year = {2002}
}

@book{parallelprog,
	address = {30 Corporate Drive, Suite 400 Burlington, MA 01803, USA},
	author = {Pacheco, Peter S.},
	editor = {Green, Todd and McFadden, Nate},
	howpublished = {hardback},
	isbn = {978-0-12-374260-5},
	pages = {391},
	publisher = {Morgan Kaufmann Publishers},
	title = {An Introduction to Parallel Programming},
	year = {2011}
}

@book{paar,
	author = {Paar, Christof and Pelzl, Jan},
	isbn = {978-3-662-49296-3},
	issn = {1614-5216},
	publisher = {Springer-Verlag Berlin Heidelberg},
	title = {Kryptografie verst{\"a}ndlich},
	year = {2016}
}

@book{cpointers,
	address = {1005 Gravenstein Highway North, Sebastopol, CA 95472},
	author = {Reese, Richard},
	isbn = {978-1-449-34418-4},
	month = {May},
	publisher = {O{\rq}Reilly Media, Inc},
	title = {Understanding and Using C Pointers},
	year = {2013}
}

@misc{click,
	journal = {Welcome to Click - Click Documentation (7.x)},
	note = {\url{https://click.palletsprojects.com/en/7.x/}, checked \today},
	publisher = {https://palletsprojects.com/},
	title = {Welcome to Click}
}

