@book{paar2016kryptografie,
  title={Kryptografie verst{\"a}ndlich},
  author={Paar, Christof and Pelzl, Jan},
  year={2016},
  publisher={Springer}
}
@misc{click,
  title={Welcome to Click},
  note={\url{https://click.palletsprojects.com/en/7.x/}, checked \today},
  journal={Welcome to Click - Click Documentation (7.x)},
  publisher={https://palletsprojects.com/}
}
@misc{pytest,
  title={PyTest: helps you write better programs},
  note={\url{https://docs.pytest.org/en/stable}, checked \today},
  journal={pytest}
}
@techreport{aes2001,
  doi = {10.6028/nist.fips.197},
  note= {\url{https://doi.org/10.6028/nist.fips.197}, checked \today},
  year = {2001},
  publisher = {National Institute of Standards and Technology},
  title = {Advanced encryption standard ({AES})}
}
