%!TEX root = thesis.tex

@book{paar2016kryptografie,
	author = {Paar, Christof and Pelzl, Jan},
	publisher = {Springer},
	title = {Kryptografie verst{\"a}ndlich},
	year = {2016}
}

@misc{click,
	journal = {Welcome to Click - Click Documentation (7.x)},
	note = {\url{https://click.palletsprojects.com/en/7.x/}, checked \today},
	publisher = {https://palletsprojects.com/},
	title = {Welcome to Click}
}

@misc{pytest,
	journal = {pytest},
	note = {\url{https://docs.pytest.org/en/stable}, checked \today},
	title = {PyTest: helps you write better programs}
}

@techreport{aes2001,
	doi = {10.6028/nist.fips.197},
	note = {\url{https://doi.org/10.6028/nist.fips.197}, checked \today},
	publisher = {National Institute of Standards and Technology},
	title = {Advanced encryption standard ({AES})},
	year = {2001}
}

@misc{instack,
	key = {insights stackoverflow},
	month = feb,
	note = {\url{https://insights.stackoverflow.com/survey/2020#most-popular-technologies}. checked \today},
	publisher = {Stack Exchange Inc},
	title = {2020 Developer Survey: Most Popular Technologies},
	year = {2020}
}

@misc{octgit,
	howpublished = {Website},
	key = {octoverse github},
	note = {\url{https://web.archive.org/web/20210120092042/https://octoverse.github.com/}, checked \today},
	publisher = {Github Inc.},
	title = {The 2020 State of the Octoverse: Top languages over the years}
}

@misc{wikipython,
	editor = {Foundation, Wikimedia},
	publisher = {wikipedia.org},
	title = {Python (programming language)}
}

@misc{pythonsuccess,
	editor = {Foundation, Python Software},
	note = {\url{https://www.python.org/about/success/}},
	publisher = {Python Software Foundation},
	title = {Python Success Stories}
}

@misc{pythonpackages,
	author = {community, Python},
	note = {\url{https://pypi.org/}},
	publisher = {Python Software Foundation}
}

@book{rijndael,
	author = {Daemen, Joan and Rijmen, Vincent},
	edition = {1},
	isbn = {978-3-662-04722-4},
	issn = {1619-7100},
	publisher = {Springer-Verlag Berlin Heidelberg},
	series = {Information Security and Cryptography},
	title = {The Design of Rijndael},
	year = {2002}
}

@book{parallelprog,
	address = {30 Corporate Drive, Suite 400 Burlington, MA 01803, USA},
	author = {Pacheco, Peter S.},
	editor = {Green, Todd and McFadden, Nate},
	howpublished = {hardback},
	isbn = {978-0-12-374260-5},
	pages = {391},
	publisher = {Morgan Kaufmann Publishers},
	title = {An Introduction to Parallel Programming},
	year = {2011}
}

@book{paar,
	author = {Paar, Christof and Pelzl, Jan},
	isbn = {978-3-662-49296-3},
	issn = {1614-5216},
	publisher = {Springer-Verlag Berlin Heidelberg},
	title = {Kryptografie verst{\"a}ndlich},
	year = {2016}
}

@book{cpointers,
	address = {1005 Gravenstein Highway North, Sebastopol, CA 95472},
	author = {Reese, Richard},
	isbn = {978-1-449-34418-4},
	month = {May},
	publisher = {O{\rq}Reilly Media, Inc},
	title = {Understanding and Using C Pointers},
	year = {2013}
}

@misc{click-2,
	journal = {Welcome to Click - Click Documentation (7.x)},
	note = {\url{https://click.palletsprojects.com/en/7.x/}, checked \today},
	publisher = {https://palletsprojects.com/},
	title = {Welcome to Click}
}

@book{cmodern,
	author = {King, K. N.},
	booktitle = {C Programming: A Modern Approach},
	edition = {2},
	isbn = {978-0-393-97950-3},
	month = apr,
	pages = {832},
	publisher = {W W Norton \& Company},
	year = {2008}
}

@book{modernc,
	author = {Modern, C},
	edition = {2},
	isbn = {978-1617295812},
	location = {Strasbourg, France},
	month = oct,
	publisher = {Manning Publications},
	title = {Modern C},
	year = {2019}
}

@book{appcrypt,
	author = {Boneh, Dan and Shoup, Victor},
	edition = {0.5},
	month = {Jan},
	pages = {953},
	publisher = {Self-publishing},
	title = {A Graduate Course in Applied Cryptography},
	year = {2020}
}

@book{learningpython,
	author = {Lutz, Mark},
	location = {1005 Gravenstein Highway North, Sebastopol, CA 95472},
	publisher = {O{\rq}Reilly Media, Inc.},
	title = {Learning Python, Fifth Edition},
	year = {2013}
}

@misc{scanf,
	author = {beginners' guide away from scanf(), A},
	howpublished = {Website},
	month = {06},
	note = {\url{https://web.archive.org/web/20201112034702/http://sekrit.de/webdocs/c/beginners-guide-away-from-scanf.html}, checked \today},
	title = {A beginners' guide away from scanf()},
	year = {2017}
}

@misc{clib,
	howpublished = {Website},
	note = {\url{https://www.ibm.com/support/knowledgecenter/en/ssw_ibm_i_71/rtref/stalib.htm}, checked \today}
}

%publisher = {IBM},
%	title = {Standard C Library Functions Table, By Name}
%}

@misc{pybib,
	howpublished = {Website},
	note = {\url{https://docs.python.org/3/library/index.html}, checked \today},
	publisher = {Python Software Foundation},
	title = {The Python Standard Library}
}

@misc{kernel,
	howpublished = {Website},
	note = {\url{https://www.kernel.org/doc/html/latest/process/programming-language.html}, checked \today},
	publisher = {The kernel development community},
	title = {Working with the kernel development community: Programming Language}
}

@misc{benchmarkgame,
	howpublished = {Website},
	note = {\url{https://benchmarksgame-team.pages.debian.net/benchmarksgame/fastest/python3-gcc.html}, checked \today},
	publisher = {The Computer Language Benchmarks Game},
	title = {Python 3 versus C gcc fastest programs}
}

@misc{forbes,
	author = {Steinberg, Joseph},
	month = 10,
	note = {\url{https://www.forbes.com/sites/josephsteinberg/2014/04/10/massive-internet-security-vulnerability-you-are-at-risk-what-you-need-to-do/}, checked \today},
	publisher = {Forbes},
	title = {Massive Internet Security Vulnerability -- Here's What You Need To Do},
	year = {2014}
}

@misc{wheeler,
	author = {Wheeler, David A.},
	howpublished = {Website},
	month = jul,
	note = {\url{https://dwheeler.com/essays/heartbleed.html}, checked \today},
	publisher = {dwheeler.com},
	title = {How to Prevent the next Heartbleed},
	year = {2020}
}

@misc{speedup,
	author = {Schachter, David},
	howpublished = {Youtube video},
	month = oct,
	note = {\url{https://www.youtube.com/watch?v=e08kOj2kISU}, checked \today},
	publisher = {InfoQ},
	title = {How to Speed up a Python Program 114,000 times},
	year = {2012}
}

@manual{gccsys,
	month = jan,
	note = {\url{https://gcc.gnu.org/install/specific.html}, checked \today},
	publisher = {Free Software Foundation, Inc},
	title = {Host/Target specific installation notes for GCC},
	year = {2021}
}

@misc{pyref,
	author = {van Rossum, Guido and others},
	howpublished = {Website},
	publisher = {Github Inc.},
	title = {cpython: The Python programming languages}
}

@misc{moxie,
	author = {Marlinspike, Moxie and others},
	month = dec,
	note = {\url{https://moxie.org/2011/12/13/the-cryptographic-doom-principle.html}, checked \today},
	publisher = {moxie.org},
	title = {The Cryptographic Doom Principle},
	year = {2011}
}

@techreport{fips202,
	author = {Romine, Charles H. and others},
	month = aug,
	pages = {37},
	publisher = {Information Technology Laboratory, National Institute of Standards and Technology},
	title = {SHA-3 Standard: Permutation-Based Hash and Extendable-Output Functions},
	year = {2015}
}

@manual{styleguide,
	author = {Torvalds, Linus},
	note = {\url{https://www.kernel.org/doc/html/v4.10/process/coding-style.html}, checked \today},
	publisher = {The kernel development community},
	title = {Linux kernel coding style}
}

@article{peasants,
	note = {\url{https://en.wikipedia.org/wiki/Finite_field_arithmetic#multiplication}, checked \today},
	publisher = {Wikimedia Foundation, Inc.},
	title = {Finite field arithmetic: Multiplication}
}

@misc{galcalc,
	author = {Tervo, Richard},
	location = {Fredericton, NB, Canada},
	month = feb,
	note = {\url{https://www.ece.unb.ca/cgi-bin/tervo/calc2.pl}, checked \today},
	publisher = {Department of Electrical and Computer Engineering - University of New Brunswick},
	title = {Galois Field GF(2m) Calculator},
	year = {2013}
}

@manual{RFC2315,
	abstract = {Also},
	author = {Kaliski, B.},
	month = mar,
	organization = {RSA Laboratories, East},
	publisher = {The Internet Society},
	title = {RFC 2315 - PKCS \#7: Cryptographic Message Syntax Version 1.5},
	year = {1998}
}

